<?xml version="1.0" encoding="UTF-8"?><collection xmlns="http://www.loc.gov/MARC21/slim"><record><leader>00544nam--2200181-i-4500</leader><controlfield tag="001">000015172</controlfield><controlfield tag="002">20161230</controlfield><controlfield tag="005">20161230201031</controlfield><controlfield tag="008">060222s1000------------r-----000-0-ger-d</controlfield><datafield ind1=" " ind2=" " tag="040"><subfield code="a">IFIN-HH</subfield></datafield><datafield ind1=" " ind2=" " tag="041"><subfield code="a">ger</subfield></datafield><datafield ind1=" " ind2=" " tag="080"><subfield code="a">537.5(083.4)</subfield></datafield><datafield ind1="1" ind2=" " tag="100"><subfield code="a">Ardenne, Manfred Von</subfield></datafield><datafield ind1="1" ind2="0" tag="245"><subfield code="a">Tabellen der elektronenphysik, ionenphysik und ubermikroskopie band i: hauptgebiete</subfield><subfield code="c">Manfred von ardenne</subfield></datafield><datafield ind1=" " ind2=" " tag="260"><subfield code="a">Berlin</subfield><subfield code="b">Veb Deutscher Verlag Der Wissenscaften</subfield><subfield code="c">1956</subfield></datafield><datafield ind1=" " ind2=" " tag="300"><subfield code="a">XVI + 614 P</subfield></datafield><datafield ind1=" " ind2=" " tag="852"><subfield code="a">13053</subfield><subfield code="c">53.08</subfield></datafield><datafield ind1=" " ind2=" " tag="CAT"><subfield code="a">Sys</subfield><subfield code="c">20151027</subfield><subfield code="h">090931</subfield></datafield></record></collection>